@inproceedings{akahane2022single,
  title={Single-rod brachiation robot},
  author={Akahane, Hijiri and Mizuuchi, Ikuo},
  booktitle={2022 IEEE/RSJ International Conference on Intelligent Robots and Systems (IROS)},
  pages={451--456},
  year={2022},
  organization={IEEE}
}

@Article{Hijiri:Robomech2024,
	author = {赤羽 聖 and 水内郁夫},
	title = {伸縮する棒状ロボットのブラキエーション},
	journal = {Proceedings of JSME Conference on Robotics and Mechatronics},
  number={2P1-M07},
	year = {2024},
  publisher={一般社団法人 日本機械学会}
}

@Article{Hijiri:Robomech2024-1,
	author = {赤羽 聖 and 水内郁夫},
	title = {モデル予測制御による棒状ロボットのブラキエーション},
	journal = {Proceedings of JSME Conference on Robotics and Mechatronics},
  number={2A1-N07},
	year = {2024},
  publisher={一般社団法人 日本機械学会}
}

@inproceedings{山口佑也2020前後,
  title={前後・左右対称な構造を有する 3 リンクロボットによる空中相を含むブラキエーション},
  author={山口佑也 and 水内郁夫},
  booktitle={ロボティクス・メカトロニクス講演会講演概要集 2020},
  pages={1A1--H15},
  year={2020},
  organization={一般社団法人 日本機械学会}
}

@article{鈴木三男2000二重振り子におけるカオス的振舞,
  title={二重振り子におけるカオス的振舞},
  author={鈴木三男 and 増田健二},
  journal={物理教育},
  volume={48},
  number={1},
  pages={1--5},
  year={2000},
  publisher={日本物理教育学会}
}
@article{lieskovsky2023optimal,
  title={Optimal swing motion control for single-rod brachiation robot},
  author={Lieskovsk{\`y}, Juraj and Akahane, Hijiri and Bu{\v{s}}ek, Jaroslav and Mizuuchi, Ikuo and Vyhl{\'\i}dal, Tom{\'a}{\v{s}}},
  journal={IFAC-PapersOnLine},
  volume={56},
  number={2},
  pages={6320--6325},
  year={2023},
  publisher={Elsevier}
}

@article{hollihn1984bimanual,
  title={Bimanual suspensory behavior: morphology selective advantages and phylogeny},
  author={Hollihn, Uwe},
  journal={The lesser apes: evolutionary and behavioural biology},
  year={1984},
  publisher={Edinburgh Univ. Press}
}

@article{福田敏男1990ブラキエーション形移動ロボットの研究,
  title={ブラキエーション形移動ロボットの研究: 第 1 報, 動特性の解析とシミュレーション},
  author={福田敏男 and 細貝英実 and 近藤裕二},
  journal={日本機械学会論文集 C 編},
  volume={56},
  number={527},
  pages={1839--1846},
  year={1990},
  publisher={一般社団法人 日本機械学会}
}

@article{福田敏男1991ブラキエーション形移動ロボットの研究,
  title={ブラキエーション形移動ロボットの研究: 第 2 報, 励振シミュレーションおよび実験結果},
  author={福田敏男 and 細貝英実 and 近藤裕二},
  journal={日本機械学会論文集 C 編},
  volume={57},
  number={537},
  pages={1639--1644},
  year={1991},
  publisher={一般社団法人 日本機械学会}
}

@article{福田敏男1991ブラキエーション形移動ロボットの研究2,
  title={ブラキエーション形移動ロボットの研究: 第 3 報, ヒューリスティックな駆動力波形の生成と制御},
  author={福田敏男 and 齋藤史倫 and 新井史人 and 小菅一弘},
  journal={日本機械学会論文集 C 編},
  volume={57},
  number={541},
  pages={2930--2937},
  year={1991},
  publisher={一般社団法人 日本機械学会}
}

@article{福田敏男1992ブラキエーション形移動ロボットの研究,
  title={ブラキエーション形移動ロボットの研究: 第 4 報, 小脳モデル神経回路を用いた移動制御},
  author={福田敏男 and 齊藤史倫 and 新井史人},
  journal={日本機械学会論文集 C 編},
  volume={58},
  number={549},
  pages={1450--1457},
  year={1992},
  publisher={一般社団法人 日本機械学会}
}

@article{齋藤史倫1993ブラキエーション形移動ロボットの研究,
  title={ブラキエーション形移動ロボットの研究: 第 5 報, 2 リンクロボットによる励振と移動制御実験},
  author={齋藤史倫 and 福田敏男 and 新井史人 and 松浦英雄},
  journal={日本機械学会論文集 C 編},
  volume={59},
  number={557},
  pages={171--178},
  year={1993},
  publisher={一般社団法人 日本機械学会}
}

@article{齋藤史倫1994ブラキエーション形移動ロボットの研究,
  title={ブラキエーション形移動ロボットの研究 第 6 報, 7 リンクロボットのモデル化と初期コントローラによる動作シミュレーション},
  author={齋藤史倫 and 福田敏男},
  journal={日本機械学会論文集 C 編},
  volume={60},
  number={578},
  pages={3468--3475},
  year={1994},
  publisher={一般社団法人 日本機械学会}
}

@article{長谷川泰久2001ブラキエーション形移動ロボットの研究,
  title={ブラキエーション形移動ロボットの研究: 第 7 報階層形行動制御における行動学習},
  author={長谷川泰久 and 伊藤芳邦 and 福田敏男},
  journal={日本機械学会論文集 C 編},
  volume={67},
  number={662},
  pages={3204--3211},
  year={2001},
  publisher={一般社団法人 日本機械学会}
}

@article{中西淳19992,
  title={2 リンクブラキエーションロボットの制御 目標ダイナミクス法の実ロボットへの適用},
  author={中西淳 and 福田敏男},
  journal={日本ロボット学会誌},
  volume={17},
  number={1},
  pages={110--117},
  year={1999},
  publisher={The Robotics Society of Japan}
}

@article{中西淳1998解析的手法による,
  title={解析的手法による 2 リンクブラキエーションロボットの制御},
  author={中西淳 and 福田敏男},
  journal={日本ロボット学会誌},
  volume={16},
  number={3},
  pages={361--368},
  year={1998},
  publisher={一般社団法人 日本ロボット学会}
}

@article{中西淳2001ハイブリッドコントローラによる,
  title={ハイブリッドコントローラによる 2 リンクブラキエーションロボットの振幅制御},
  author={中西淳 and 福田敏男},
  journal={日本ロボット学会誌},
  volume={19},
  number={5},
  pages={652--659},
  year={2001},
  publisher={一般社団法人 日本ロボット学会}
}

@article{福田敏男1996強化学習法を用いたファジィコントローラの生成,
  title={強化学習法を用いたファジィコントローラの生成},
  author={福田敏男 and 長谷川泰久 and 下島康嗣 and 斎藤史倫},
  journal={日本機械学会論文集 C 編},
  volume={62},
  number={601},
  pages={3565--3571},
  year={1996},
  publisher={一般社団法人 日本機械学会}
}

@article{齋藤史倫1995学習とロボット,
  title={学習とロボット 強化学習による実ロボットの運動制御},
  author={齋藤史倫 and 福田敏男},
  journal={日本ロボット学会誌},
  volume={13},
  number={1},
  pages={82--88},
  year={1995},
  publisher={一般社団法人 日本ロボット学会}
}

@article{西村秀和1997誤差学習による終端状態制御を用いたブラキエーションロボットの運動制御,
  title={誤差学習による終端状態制御を用いたブラキエーションロボットの運動制御},
  author={西村秀和 and 高橋賢治 and 舟木厚司 and 戸谷隆美},
  journal={日本機械学会論文集 C 編},
  volume={63},
  number={605},
  pages={182--189},
  year={1997},
  publisher={一般社団法人 日本機械学会}
}

@inproceedings{山川雄司2016ブラキエーションロボットの開発と運動生成,
  title={ブラキエーションロボットの開発と運動生成 (第 1 報)―把持機構に電磁石を用いた動作手法―},
  author={山川雄司 and 安宅 佑樹 and 石川正俊},
  booktitle={ロボティクス・メカトロニクス講演会講演概要集 2016},
  pages={2A2--08a4},
  year={2016},
  organization={一般社団法人 日本機械学会}
}

@inproceedings{山川雄司2016-2ブラキエーションロボットの開発と運動生成,
  title={ブラキエーションロボットの開発と運動生成 (第 2 報)―把持機構にフックを用いた動作手法―},
  author={山川雄司 and 古山佳和 and 石川正俊},
  booktitle={ロボティクス・メカトロニクス講演会講演概要集 2016},
  pages={2A2--08a3},
  year={2016},
  organization={一般社団法人 日本機械学会}
}

@inproceedings{wan2015non,
  title={Non-horizontal ricochetal brachiation motion planning and control for two-link Bio-primate robot},
  author={Wan, Dengke and Cheng, Hongtai and Ji, Guangfei and Wang, Shuai},
  booktitle={2015 IEEE International Conference on Robotics and Biomimetics (ROBIO)},
  pages={19--24},
  year={2015},
  organization={IEEE}
}

@article{梶原秀一1999引き込みを利用したブランコの振れ制御,
  title={引き込みを利用したブランコの振れ制御},
  author={梶原秀一 and 橋本幸男 and 松田敏彦 and 土谷武士},
  journal={日本ロボット学会誌},
  volume={17},
  number={4},
  pages={520--525},
  year={1999},
  publisher={一般社団法人 日本ロボット学会}
}

@InProceedings{Kawamura:hogege2010,
	author = 	 {川村 マサキ},
	title = 	 {ほげの可能性と適用限界に関する実験的研究},
	booktitle =	 {日本ほげ学会ほげ工学部門講演会},
	pages =	 {324--366},
	year =	 2010
}

@Book{Hondo:hohoge2006,
	author =	 {本堂 貴敏},
	title = 	 {ほげの力学},
	publisher = 	 {ほげ出版},
	pages =	 {11--43},
	year = 	 2006
}



@Book{hooogeBook,
	editor =	 {日本ほげ医学会},
	title = 	 {本当は怖いほげの医学},
	publisher = 	 {捕鯨出版},
	year = 	 2011
}


@Article{Hondo:JRSJ2011,
	author = 	 {本堂 貴敏 and 水内 郁夫},
	title = 	 {ばねの研究},
	journal = 	 {日本ばね学会誌},
	year = 	 2011,
	key =		 {spring},
	volume =	 72,
	number =	 3,
	pages =	 {350--355}
}

@inproceedings{Kanehiro2000:RSJ,
	author = {金広 文男 and 水内 郁夫 and 稲葉 雅幸 and 井上 博允},
	booktitle = {日本ロボット学会学術講演会概要集},
	mendeley-groups = {bthesis,robomech2014,JRM},
	pages = {1237--1238},
	title = {プラグインアーキテクチャに基づく発展的ソフトウェア環境の実装},
	year = {2000}
}

@Article{ROS,
	author = {Morgan Quigley and Brian Gerkey and Ken Conley and Josh Faust and Tully Foote and Jermy Leibs and Eric Berger and Rob Wheeler and Andrew Ng},
	title = "{ROS}: an open-source Robot Operationg System",
	school = {Computer SCience Department, Stanford University, Stanford, CA and Willow Garage, Menlo Park, CA and Computer Science Department, University of Southern California},
	year = 2009
}

@inproceedings{yoshida2021hangrawler,
  title={Hangrawler 2: Super-high-speed and large-payload ceiling mobile robot using crawler},
  author={Yoshida, Takehito and Yamada, Yudai and Warisawa, Shin’Ichi and Fukui, Rui},
  booktitle={2021 IEEE/RSJ International Conference on Intelligent Robots and Systems (IROS)},
  pages={2491--2497},
  year={2021},
  organization={IEEE}
}

@inproceedings{wang2021fuzzy,
  title={Fuzzy PID controller based on yaw angle prediction of a spherical robot},
  author={Wang, Yixu and Guan, Xiaoqing and Hu, Tao and Zhang, Ziang and Wang, You and Wang, Zhan and Liu, Yifan and Li, Guang},
  booktitle={2021 IEEE/RSJ international conference on intelligent robots and systems (IROS)},
  pages={3242--3247},
  year={2021},
  organization={IEEE}
}

@article{javadi2023acromonk,
  title={Acromonk: A minimalist underactuated brachiating robot},
  author={Javadi, Mahdi and Harnack, Daniel and Stocco, Paula and Kumar, Shivesh and Vyas, Shubham and Pizzutilo, Daniel and Kirchner, Frank},
  journal={IEEE Robotics and Automation Letters},
  volume={8},
  number={6},
  pages={3637--3644},
  year={2023},
  publisher={IEEE}
}

@article{grama2024ricmonk,
  title={RicMonk: A Three-Link Brachiation Robot with Passive Grippers for Energy-Efficient Brachiation},
  author={Grama, Shourie S and Javadi, Mahdi and Kumar, Shivesh and Boroujeni, Hossein Zamani and Kirchner, Frank},
  journal={arXiv preprint arXiv:2403.15762},
  booktitle={IEEE International Conference On Robotics And Automation 2024},
  year={2024},
  organization={IEEE}
}
